<?xml version="1.0" encoding="UTF-8"?><collection xmlns="http://www.loc.gov/MARC21/slim"><record><leader>00393nam--2200133-i-4500</leader><controlfield tag="001">000036944</controlfield><controlfield tag="002">20161230</controlfield><controlfield tag="005">20161230201041</controlfield><controlfield tag="008">060222s1000------------r-----000-0-eng-d</controlfield><datafield ind1=" " ind2=" " tag="245"><subfield code="a">Production of heavy water</subfield></datafield><datafield ind1=" " ind2=" " tag="260"><subfield code="a">New York, Mcgraw-hill Book Co.,1955. Xvii + 394p</subfield></datafield><datafield ind1=" " ind2=" " tag="490"><subfield code="a">National Nuclear Energy Series,Division Iii</subfield></datafield><datafield ind1=" " ind2=" " tag="700"><subfield code="a">Murphy,G.M., Urey H.C., Kirschenbaum I</subfield></datafield><datafield ind1=" " ind2=" " tag="852"><subfield code="a">10720</subfield></datafield></record></collection>